%% This document is a bibtex export of HAL publication
%% Date of the export : 02/05/2012
@article{das2014mapping,
  title={Mapping, Planning, and Sample Detection Strategies for Autonomous Exploration},
  author={Das, Arun and Diu, Michael and Mathew, Neil and Scharfenberger, Christian and Servos, James and Wong, Andy and Zelek, John S and Clausi, David A and Waslander, Steven L},
  journal={Journal of Field Robotics},
  volume={31},
  number={1},
  pages={75--106},
  year={2014},
  publisher={Wiley Online Library}
}


@article{servos2017multi,
  title={Multi-Channel Generalized-ICP: A robust framework for multi-channel scan registration},
  author={Servos, James and Waslander, Steven L},
  journal={Robotics and Autonomous systems},
  volume={87},
  pages={247--257},
  year={2017},
  publisher={Elsevier}
}

@inproceedings{qian2022pocd,
  title={POCD: probabilistic object-level change detection and volumetric mapping in semi-static scenes},
  author={Qian, Jingxing and Chatrath, Veronica and Yang, Jun and Servos, James and Schoellig, Angela P and Waslander, Steven L},
  booktitle={Robotics Science and Systems (RSS)},
  year={2022}
}

@inproceedings{qian2023pov,
  title={POV-SLAM: Probabilistic object-aware variational slam in semi-static environments},
  author={Qian, Jingxing and Chatrath, Veronica and Servos, James and Mavrinac, Aaron and Burgard, Wolfram and Waslander, Steven L and Schoellig, Angela P},
  year={2023},
  booktitle={Robotics Science and Systems (RSS)}
}

@inproceedings{servos2013underwater,
  title={Underwater stereo SLAM with refraction correction},
  author={Servos, James and Smart, Michael and Waslander, Steven L},
  booktitle={IEEE/RSJ International Conference on Intelligent Robots and Systems (IROS)},
  pages={3350--3355},
  year={2013},
  organization={IEEE}
}

@inproceedings{das20133d,
  title={3D scan registration using the Normal Distributions Transform with ground segmentation and point cloud clustering},
  author={Das, Arun and Servos, James and Waslander, Steven L},
  booktitle={IEEE International Conference on Robotics and Automation (ICRA)},
  pages={2207--2212},
  year={2013},
  organization={IEEE}
}

@inproceedings{servos2014mc,
  title={Multi-channel GICP},
  author={Servos, James and Waslander, Steven L},
  booktitle={IEEE International Conference on Robotics and Automation (ICRA)},
  year={2014},
  organization={IEEE}

}

@inproceedings{servos2014icius,
  title={Using RGB Information to Improve NDT Distribution Generation and Registration Convergence},
  author={Servos, James and Waslander, Steven L},
  booktitle={International Conference on Intelligent Unmanned Systems (ICIUS)},
  year={2014},
  organization={IEEE}

}

%@patent{patent1,
%  title={Stand-alone self-driving material-transport vehicle},
%  author={James Servos and Ryan Gariepy and Jason Scharlach and Andrew Blakey and Simon Drexler},
%  number={US20190360835A1},
%  note={Filed Aug 13, 2019}
%}

@patent{patent2,
  title={Systems and methods for updating an electronic map},
  author={James Servos and Ryan Gariepy},
  number={US20190186923A1},
  note={Issued Jan 17, 2023}
}

@patent{patent3,
  title={Method, system and apparatus for path control in unmanned vehicles},
  author={James Servos and Ryan Gariepy and Alex Bencz and Yan Ma and Michael Irvine and Shahab Kaynama and Peiyi Chen},
  number={US20170197643A1},
  note={Issued May 8, 2018}
}

@patent{patent4,
  title={Method, system and apparatus for handling operational constraints for control of unmanned vehicles},
  author={James Servos and Ryan Gariepy and Alex Bencz and Andrew Blakey and Shahab Kaynama},
  number={US20160349749A1},
  note={Issued March 19, 2019}
}

@patent{patent5,
  title={Method, system and apparatus for self-driving vehicle obstacle avoidance},
  author={James Servos and Ryan Gariepy and Alex Bencz and Yan Ma and Michael Irvine and Shahab Kaynama and Peiyi Chen},
  number={US20180186391A1},
  note={Issued Oct 27, 2020}
}

@patent{patent6,
  title={Systems and methods for operating one or more self-driving vehicles},
  author={James Servos and Ryan Gariepy and Yvan Rodrigues and Matthew Lord and Ivor Wanders and Jason Mercer and Roydyn Clayton},
  number={US20220073062A1},
  note={Filed Sept 9, 2021}
}

@patent{patent7,
  title={Systems and methods for monitoring an operation of one or more self-driving vehicles},
  author={James Servos and Ryan Gariepy and Guillaume Autran and Jin-Myung Won and Shahab Kaynama},
  number={US20210370960A1},
  note={Filed Jan 29, 2021}
}

@patent{patent8,
  title={Autonomous material transport vehicles, and systems and methods of operating thereof},
  author={James Servos and Ryan Gariepy and Nolan Lunscher and Enrique Fernandez},
  number={US20210087031A1},
  note={Filed Jan 29, 2021}
}
